% Encoding: UTF-8

@Unpublished{Bast2017,
  author = {Denys Bast},
  title  = {Modellierung und Feldsimulation eines Messaufbaus für hochpermeable Ringkernproben},
  year   = {2017},
}

@Article{Frey,
  author = {Michael Frey},
  title  = {Breitbandige Testkavität,GSI Helmholtzzentrum für Schwerionenforschung},
  url    = {http://www.rmr.tu-darmstadt.de/rmr/unserteam/detailseiten/dilyana_domont_yankulova/forschung_18/index.de.jsp},
}

