% This file was created with JabRef 2.10.
% Encoding: UTF-8


@Misc{bast2017ba,
  Title                    = {Modellierung und Feldsimulation eines Messaufbaus f√ºr hochpermeable Ringkernproben},

  Author                   = {Bast, Denys},

  Publisher                = {Bachelorarbeit}
}

@Article{harzheim2016modeling,
  Title                    = {Modeling and Simulation of Broadband RF Cavities in PSpice},
  Author                   = {Harzheim, Jens and Frey, Michael and Klingbeil, Harald and K{\"o}nigstein, Robert and Domont-Yankulova, Dilyana},
  Year                     = {2016}
}

